% Correct Bibtex entries are best obtained by cut-and-paste from 
% Spires or Inspire.
%
% - They might still need some editing of Latex symbols in 
%   the titles. 
% - Page ranges should in many cases be shortened to just 
%   having the start page.
% - Collaborations might need to be added or indeed just the word 
%   "collaboration" put after them.
% - Do not add here any bibtex snippet that is already provided in
%   other bib files, for instance LHCb-PAPER.bib
%
% This file is intentionally empty. Use it for your own references. Standard references are in LHCb-CONF.bib  LHCb-DP.bib  LHCb-PAPER.bib  LHCb-TDR.bib  standard.bib
@article{Zhao:2020jqu,
    author = "Zhao, Jiaxing and Zhou, Kai and Chen, Shile and Zhuang, Pengfei",
    title = "{Heavy flavors under extreme conditions in high energy nuclear collisions}",
    eprint = "2005.08277",
    archivePrefix = "arXiv",
    primaryClass = "nucl-th",
    doi = "10.1016/j.ppnp.2020.103801",
    journal = "Prog. Part. Nucl. Phys.",
    volume = "114",
    pages = "103801",
    year = "2020"
}
@article{ALICE:2022gpu,
    author = "Acharya, Shreyasi and others",
    collaboration = "ALICE",
    title = "{Measurement of $\psi$(2S) production as a function of charged-particle pseudorapidity density in pp collisions at $\sqrt{s}$ = 13 TeV and p-Pb collisions at $\sqrt{s_{\rm NN}}$ = 8.16 TeV with ALICE at the LHC}",
    eprint = "2204.10253",
    archivePrefix = "arXiv",
    primaryClass = "nucl-ex",
    reportNumber = "CERN-EP-2022-064",
    doi = "10.1007/JHEP06(2023)147",
    journal = "JHEP",
    volume = "06",
    pages = "147",
    year = "2023"
}
@article{Archilli:2013npa,
    author = "Archilli, F. and others",
    title = "{Performance of the Muon Identification at LHCb}",
    eprint = "1306.0249",
    archivePrefix = "arXiv",
    primaryClass = "physics.ins-det",
    number = "CERN-LHCB-DP-2013-001, LHCB-DP-2013-001",
    doi = "10.1088/1748-0221/8/10/P10020",
    journal = "JINST",
    volume = "8",
    pages = "P10020",
    year = "2013"
}
@article{Hushnud:2023kwf,
    author = "Hushnud, H.",
    collaboration = "ALICE",
    title = "{$\psi$(2S) production and nuclear modification factor in nucleus\textendash{}nucleus collisions with ALICE}",
    doi = "10.1051/epjconf/202327602002",
    journal = "EPJ Web Conf.",
    volume = "276",
    pages = "02002",
    year = "2023"
}

@article{Gavin:1996yd,
    author = "Gavin, Sean and Vogt, Ramona",
    title = "{Charmonium suppression by Comover scattering in Pb + Pb collisions}",
    eprint = "hep-ph/9606460",
    archivePrefix = "arXiv",
    reportNumber = "LBL-37980",
    doi = "10.1103/PhysRevLett.78.1006",
    journal = "Phys. Rev. Lett.",
    volume = "78",
    pages = "1006--1009",
    year = "1997"
}
@article{Ferreiro:2018wbd,
    author = "Ferreiro, Elena G. and Lansberg, Jean-Philippe",
    title = "{Is bottomonium suppression in proton-nucleus and nucleus-nucleus collisions at LHC energies due to the same effects?}",
    eprint = "1804.04474",
    archivePrefix = "arXiv",
    primaryClass = "hep-ph",
    doi = "10.1007/JHEP10(2018)094",
    journal = "JHEP",
    volume = "10",
    pages = "094",
    year = "2018",
    note = "[Erratum: JHEP 03, 063 (2019)]"
}
@article{Esposito:2020ywk,
    author = "Esposito, Angelo and Ferreiro, Elena G. and Pilloni, Alessandro and Polosa, Antonio D. and Salgado, Carlos A.",
    title = "{The nature of X(3872) from high-multiplicity pp collisions}",
    eprint = "2006.15044",
    archivePrefix = "arXiv",
    primaryClass = "hep-ph",
    doi = "10.1140/epjc/s10052-021-09425-w",
    journal = "Eur. Phys. J. ",
    volume = "C81",
    number = "7",
    pages = "669",
    year = "2021"
}
@article{Braaten:2020iqw,
    author = "Braaten, Eric and He, Li-Ping and Ingles, Kevin and Jiang, Jun",
    title = "{Production of $X(3872)$ at High Multiplicity}",
    eprint = "2012.13499",
    archivePrefix = "arXiv",
    primaryClass = "hep-ph",
    doi = "10.1103/PhysRevD.103.L071901",
    journal = "Phys. Rev. ",
    volume = "D103",
    number = "7",
    pages = "L071901",
    year = "2021"
}
@article{Gavin:1990gm,
    author = "Gavin, S. and Vogt, R.",
    title = "{$J/\psi$ Suppression From Hadron - Nucleus to Nucleus-nucleus Collisions}",
    reportNumber = "LBL-27417",
    doi = "10.1016/0550-3213(90)90610-P",
    journal = "Nucl. Phys. B",
    volume = "345",
    pages = "104--124",
    year = "1990"
}
@article{Quigg:1979vr,
    author = "Quigg, C. and Rosner, Jonathan L.",
    title = "{Quantum Mechanics with Applications to Quarkonium}",
    reportNumber = "FERMILAB-PUB-79-022-T",
    doi = "10.1016/0370-1573(79)90095-4",
    journal = "Phys. Rept.",
    volume = "56",
    pages = "167--235",
    year = "1979"
}
@article{Wu:2010ze,
    author = "Wu, Bin and Ma, Bo-Qiang",
    title = "{On heavy-quarkonia suppression by final-state multiple scatterings in most central Au+Au collisions at RHIC}",
    eprint = "1003.1692",
    archivePrefix = "arXiv",
    primaryClass = "hep-ph",
    doi = "10.1016/j.nuclphysa.2010.08.008",
    journal = "Nucl. Phys. A",
    volume = "848",
    pages = "230--244",
    year = "2010"
}
@article{Bodwin:1994jh,
    author = "Bodwin, Geoffrey T. and Braaten, Eric and Lepage, G. Peter",
    title = "{Rigorous QCD analysis of inclusive annihilation and production of heavy quarkonium}",
    eprint = "hep-ph/9407339",
    archivePrefix = "arXiv",
    reportNumber = "ANL-HEP-PR-94-24, FERMILAB-PUB-94-073-T, NUHEP-TH-94-5",
    doi = "10.1103/PhysRevD.55.5853",
    journal = "Phys. Rev. D",
    volume = "51",
    pages = "1125--1171",
    year = "1995",
    note = "[Erratum: Phys.Rev.D 55, 5853 (1997)]"
}
@article{Halzen:1977rs,
    author = "Halzen, F.",
    title = "{Cvc for Gluons and Hadroproduction of Quark Flavors}",
    reportNumber = "Print-77-0411 (RUTHERFORD), RL-77-050/A",
    doi = "10.1016/0370-2693(77)90144-7",
    journal = "Phys. Lett. B",
    volume = "69",
    pages = "105--108",
    year = "1977"
}
@article{Bodwin:1992qr,
    author = "Bodwin, Geoffrey T. and Braaten, Eric and Yuan, Tzu Chiang and Lepage, G. Peter",
    title = "{P wave charmonium production in B meson decays}",
    eprint = "hep-ph/9208254",
    archivePrefix = "arXiv",
    reportNumber = "ANL-HEP-PR-92-63, NUHEP-TH-92-16",
    doi = "10.1103/PhysRevD.46.R3703",
    journal = "Phys. Rev. D",
    volume = "46",
    pages = "R3703--R3707",
    year = "1992"
}
@article{ALICE:2022jeh,
    author = "Acharya, S. and others",
    collaboration = "ALICE",
    title = "{\ensuremath{\psi}(2S) Suppression in Pb-Pb Collisions at the LHC}",
    eprint = "2210.08893",
    archivePrefix = "arXiv",
    primaryClass = "nucl-ex",
    reportNumber = "CERN-EP-2022-210",
    doi = "10.1103/PhysRevLett.132.042301",
    journal = "Phys. Rev. Lett.",
    volume = "132",
    number = "4",
    pages = "042301",
    year = "2024"
}
@article{PHENIX:2016vmz,
    author = "Adare, A. and others",
    collaboration = "PHENIX",
    title = "{Measurement of the relative yields of $\psi(2S)$ to $\psi(1S)$ mesons produced at forward and backward rapidity in $p+p$, $p+$Al, $p+$Au, and $^{3}$He$+$Au collisions at $\sqrt{s_{_{NN}}}=200$ GeV}",
    eprint = "1609.06550",
    archivePrefix = "arXiv",
    primaryClass = "nucl-ex",
    doi = "10.1103/PhysRevC.95.034904",
    journal = "Phys. Rev. C",
    volume = "95",
    number = "3",
    pages = "034904",
    year = "2017"
}
@article{NA50:2006rdp,
    author = "Alessandro, B. and others",
    collaboration = "NA50",
    title = "{J/psi and psi-prime production and their normal nuclear absorption in proton-nucleus collisions at 400-GeV}",
    eprint = "nucl-ex/0612012",
    archivePrefix = "arXiv",
    reportNumber = "CERN-PH-EP-2006-018",
    doi = "10.1140/epjc/s10052-006-0079-4",
    journal = "Eur. Phys. J. C",
    volume = "48",
    pages = "329",
    year = "2006"
}
@article{PHENIX:2011gyb,
    author = "Adare, A. and others",
    collaboration = "PHENIX",
    title = "{Ground and excited charmonium state production in $p+p$ collisions at $\sqrt{s}=200$ GeV}",
    eprint = "1105.1966",
    archivePrefix = "arXiv",
    primaryClass = "hep-ex",
    doi = "10.1103/PhysRevD.85.092004",
    journal = "Phys. Rev. D",
    volume = "85",
    pages = "092004",
    year = "2012"
}
@article{E705:1992vec,
    author = "Antoniazzi, L. and others",
    collaboration = "E705",
    title = "{Production of J / Psi via psi-prime and xi decay in 300-GeV/c proton and pi+- nucleon interactions}",
    reportNumber = "FERMILAB-PUB-92-140-E",
    doi = "10.1103/PhysRevLett.70.383",
    journal = "Phys. Rev. Lett.",
    volume = "70",
    pages = "383--386",
    year = "1993"
}
@article{NA51:1998uun,
    author = "Abreu, M. C. and others",
    collaboration = "NA51",
    title = "{J / psi, psi' and Drell-Yan production in p p and p d interactions at 450-GeV/c}",
    doi = "10.1016/S0370-2693(98)01014-4",
    journal = "Phys. Lett. B",
    volume = "438",
    pages = "35--40",
    year = "1998"
}
@article{Clark:1978mg,
    author = "Clark, A. G. and others",
    title = "{Electron Pair Production at the {CERN} {ISR}}",
    reportNumber = "PRINT-78-0636 (CERN)",
    doi = "10.1016/0550-3213(78)90400-5",
    journal = "Nucl. Phys. B",
    volume = "142",
    pages = "29",
    year = "1978"
}
@article{UA1:1990eni,
    author = "Albajar, C. and others",
    collaboration = "UA1",
    title = "{J / psi and psi-prime production at the CERN p anti-p collider}",
    reportNumber = "CERN-PPE-90-154",
    doi = "10.1016/0370-2693(91)90227-H",
    journal = "Phys. Lett. B",
    volume = "256",
    pages = "112--120",
    year = "1991"
}
@article{CDF:1997ykw,
    author = "Abe, F. and others",
    collaboration = "CDF",
    title = "{$J/\psi$ and $\psi(2S)$ production in $p\bar{p}$ collisions at $\sqrt{s} = 1.8$ TeV}",
    reportNumber = "FERMILAB-PUB-97-024-E, CDF-PUB-BOTTOM-PUBLIC-3792, FERMILAB-PUB-98-173-EJ",
    doi = "10.1103/PhysRevLett.79.572",
    journal = "Phys. Rev. Lett.",
    volume = "79",
    pages = "572--577",
    year = "1997"
}
@article{LHCb:2013nqs,
    author = "Aaij, R and others",
    collaboration = "LHCb",
    title = "{Exclusive $J/\psi$ and $\psi$(2S) production in pp collisions at $ \sqrt{s} = 7$ TeV}",
    eprint = "1301.7084",
    archivePrefix = "arXiv",
    primaryClass = "hep-ex",
    reportNumber = "CERN-PH-EP-2013-005, LHCB-PAPER-2012-044",
    doi = "10.1088/0954-3899/40/4/045001",
    journal = "J. Phys. G",
    volume = "40",
    pages = "045001",
    year = "2013"
}
@article{ALICE:2014uja,
    author = "Abelev, Betty Bezverkhny and others",
    collaboration = "ALICE",
    title = "{Measurement of quarkonium production at forward rapidity in $pp$ collisions at $\sqrt{s} = 7$ TeV}",
    eprint = "1403.3648",
    archivePrefix = "arXiv",
    primaryClass = "nucl-ex",
    reportNumber = "CERN-PH-EP-2014-042",
    doi = "10.1140/epjc/s10052-014-2974-4",
    journal = "Eur. Phys. J. C",
    volume = "74",
    number = "8",
    pages = "2974",
    year = "2014"
}
@article{CMS:2016fnw,
    author = "Khachatryan, Vardan and others",
    collaboration = "CMS",
    title = "{Evidence for collectivity in pp collisions at the LHC}",
    eprint = "1606.06198",
    archivePrefix = "arXiv",
    primaryClass = "nucl-ex",
    reportNumber = "CMS-HIN-16-010, CERN-EP-2016-147",
    doi = "10.1016/j.physletb.2016.12.009",
    journal = "Phys. Lett. B",
    volume = "765",
    pages = "193--220",
    year = "2017"
}
@article{ALICE:2016fzo,
    author = "Adam, Jaroslav and others",
    collaboration = "ALICE",
    title = "{Enhanced production of multi-strange hadrons in high-multiplicity proton-proton collisions}",
    eprint = "1606.07424",
    archivePrefix = "arXiv",
    primaryClass = "nucl-ex",
    reportNumber = "CERN-EP-2016-153",
    doi = "10.1038/nphys4111",
    journal = "Nature Phys.",
    volume = "13",
    pages = "535--539",
    year = "2017"
}
@article{Ferreiro:2012rq,
    author = "Ferreiro, E. G.",
    title = "{Charmonium dissociation and recombination at LHC: Revisiting comovers}",
    eprint = "1210.3209",
    archivePrefix = "arXiv",
    primaryClass = "hep-ph",
    doi = "10.1016/j.physletb.2014.02.011",
    journal = "Phys. Lett. B",
    volume = "731",
    pages = "57--63",
    year = "2014"
}
@article{Arleo:2014oha,
    author = "Arleo, Fran\c{c}ois and Peign\'e, St\'ephane",
    title = "{Quarkonium suppression in heavy-ion collisions from coherent energy loss in cold nuclear matter}",
    eprint = "1407.5054",
    archivePrefix = "arXiv",
    primaryClass = "hep-ph",
    reportNumber = "LAPTH-050-14",
    doi = "10.1007/JHEP10(2014)073",
    journal = "JHEP",
    volume = "10",
    pages = "073",
    year = "2014"
}
@article{AtashbarTehrani:2017mzi,
    author = "Atashbar Tehrani, S.",
    title = "{Nuclear parton distribution functions (nPDFs) and their uncertainties in the LHC Era}",
    eprint = "1712.02153",
    archivePrefix = "arXiv",
    primaryClass = "hep-ph",
    doi = "10.18502/ken.v3i1.1758",
    journal = "KnE Energ. Phys.",
    volume = "3",
    pages = "297--303",
    year = "2018"
}
@article{LHCb:2017ygo,
    author = "Aaij, R. and others",
    collaboration = "LHCb",
    title = "{Prompt and nonprompt J/$\psi$ production and nuclear modification in $p$Pb collisions at $\sqrt{s_{\text{NN}}}= 8.16$ TeV}",
    eprint = "1706.07122",
    archivePrefix = "arXiv",
    primaryClass = "hep-ex",
    reportNumber = "LHCB-PAPER-2017-014, CERN-EP-2017-122",
    doi = "10.1016/j.physletb.2017.09.058",
    journal = "Phys. Lett. B",
    volume = "774",
    pages = "159--178",
    year = "2017"
}
@article{PHENIX:2007tnc,
    author = "Adare, A. and others",
    collaboration = "PHENIX",
    title = "{Cold Nuclear Matter Effects on J/Psi as Constrained by Deuteron-Gold Measurements at s(NN)**(1/2) = 200-GeV}",
    eprint = "0903.4845",
    archivePrefix = "arXiv",
    primaryClass = "nucl-ex",
    doi = "10.1103/PhysRevC.77.024912",
    journal = "Phys. Rev. C",
    volume = "77",
    pages = "024912",
    year = "2008",
    note = "[Erratum: Phys.Rev.C 79, 059901 (2009)]"
}
@article{PHENIX:2013pmn,
    author = "Adare, A. and others",
    collaboration = "PHENIX",
    title = "{Nuclear Modification of $\psi$', $\chi_c$, and $J/\psi$ Production in d+Au Collisions at $\sqrt{s_{NN}}$=200  GeV}",
    eprint = "1305.5516",
    archivePrefix = "arXiv",
    primaryClass = "nucl-ex",
    doi = "10.1103/PhysRevLett.111.202301",
    journal = "Phys. Rev. Lett.",
    volume = "111",
    number = "20",
    pages = "202301",
    year = "2013"
}
@article{CMS:2010ifv,
    author = "Khachatryan, Vardan and others",
    collaboration = "CMS",
    title = "{Observation of Long-Range Near-Side Angular Correlations in Proton-Proton Collisions at the LHC}",
    eprint = "1009.4122",
    archivePrefix = "arXiv",
    primaryClass = "hep-ex",
    reportNumber = "CMS-QCD-10-002, CERN-PH-EP-2010-031",
    doi = "10.1007/JHEP09(2010)091",
    journal = "JHEP",
    volume = "09",
    pages = "091",
    year = "2010"
}
@article{ALICE:2012eyl,
    author = "Abelev, Betty and others",
    collaboration = "ALICE",
    title = "{Long-range angular correlations on the near and away side in $p$-Pb collisions at $\sqrt{s_{NN}}=5.02$ TeV}",
    eprint = "1212.2001",
    archivePrefix = "arXiv",
    primaryClass = "nucl-ex",
    reportNumber = "CERN-PH-EP-2012-359",
    doi = "10.1016/j.physletb.2013.01.012",
    journal = "Phys. Lett. B",
    volume = "719",
    pages = "29--41",
    year = "2013"
}
@article{ATLAS:2012cix,
    author = "Aad, Georges and others",
    collaboration = "ATLAS",
    title = "{Observation of Associated Near-Side and Away-Side Long-Range Correlations in $\sqrt{s_{NN}}$=5.02  TeV Proton-Lead Collisions with the ATLAS Detector}",
    eprint = "1212.5198",
    archivePrefix = "arXiv",
    primaryClass = "hep-ex",
    reportNumber = "CERN-PH-EP-2012-366",
    doi = "10.1103/PhysRevLett.110.182302",
    journal = "Phys. Rev. Lett.",
    volume = "110",
    number = "18",
    pages = "182302",
    year = "2013"
}
@ARTICLE{1610988,
  author={Allison, J. and Amako, K. and Apostolakis, J. and Araujo, H. and Arce Dubois, P. and Asai, M. and Barrand, G. and Capra, R. and Chauvie, S. and Chytracek, R. and Cirrone, G.A.P. and Cooperman, G. and Cosmo, G. and Cuttone, G. and Daquino, G.G. and Donszelmann, M. and Dressel, M. and Folger, G. and Foppiano, F. and Generowicz, J. and Grichine, V. and Guatelli, S. and Gumplinger, P. and Heikkinen, A. and Hrivnacova, I. and Howard, A. and Incerti, S. and Ivanchenko, V. and Johnson, T. and Jones, F. and Koi, T. and Kokoulin, R. and Kossov, M. and Kurashige, H. and Lara, V. and Larsson, S. and Lei, F. and Link, O. and Longo, F. and Maire, M. and Mantero, A. and Mascialino, B. and McLaren, I. and Mendez Lorenzo, P. and Minamimoto, K. and Murakami, K. and Nieminen, P. and Pandola, L. and Parlati, S. and Peralta, L. and Perl, J. and Pfeiffer, A. and Pia, M.G. and Ribon, A. and Rodrigues, P. and Russo, G. and Sadilov, S. and Santin, G. and Sasaki, T. and Smith, D. and Starkov, N. and Tanaka, S. and Tcherniaev, E. and Tome, B. and Trindade, A. and Truscott, P. and Urban, L. and Verderi, M. and Walkden, A. and Wellisch, J.P. and Williams, D.C. and Wright, D. and Yoshida, H.},
  journal={IEEE Transactions on Nuclear Science},
  title={Geant4 developments and applications},
  year={2006},
  volume={53},
  number={1},
  pages={270-278},
  doi={10.1109/TNS.2006.869826}}

@article{AGOSTINELLI2003250,
title = {Geant4—a simulation toolkit},
journal = {Nuclear Instruments and Methods in Physics Research Section A: Accelerators, Spectrometers, Detectors and Associated Equipment},
volume = {506},
number = {3},
pages = {250-303},
year = {2003},
issn = {0168-9002},
doi = {https://doi.org/10.1016/S0168-9002(03)01368-8},
url = {https://www.sciencedirect.com/science/article/pii/S0168900203013688},
author = {S. Agostinelli and J. Allison and K. Amako and J. Apostolakis and H. Araujo and P. Arce and M. Asai and D. Axen and S. Banerjee and G. Barrand and F. Behner and L. Bellagamba and J. Boudreau and L. Broglia and A. Brunengo and H. Burkhardt and S. Chauvie and J. Chuma and R. Chytracek and G. Cooperman and G. Cosmo and P. Degtyarenko and A. Dell'Acqua and G. Depaola and D. Dietrich and R. Enami and A. Feliciello and C. Ferguson and H. Fesefeldt and G. Folger and F. Foppiano and A. Forti and S. Garelli and S. Giani and R. Giannitrapani and D. Gibin and J.J. {Gómez Cadenas} and I. González and G. {Gracia Abril} and G. Greeniaus and W. Greiner and V. Grichine and A. Grossheim and S. Guatelli and P. Gumplinger and R. Hamatsu and K. Hashimoto and H. Hasui and A. Heikkinen and A. Howard and V. Ivanchenko and A. Johnson and F.W. Jones and J. Kallenbach and N. Kanaya and M. Kawabata and Y. Kawabata and M. Kawaguti and S. Kelner and P. Kent and A. Kimura and T. Kodama and R. Kokoulin and M. Kossov and H. Kurashige and E. Lamanna and T. Lampén and V. Lara and V. Lefebure and F. Lei and M. Liendl and W. Lockman and F. Longo and S. Magni and M. Maire and E. Medernach and K. Minamimoto and P. {Mora de Freitas} and Y. Morita and K. Murakami and M. Nagamatu and R. Nartallo and P. Nieminen and T. Nishimura and K. Ohtsubo and M. Okamura and S. O'Neale and Y. Oohata and K. Paech and J. Perl and A. Pfeiffer and M.G. Pia and F. Ranjard and A. Rybin and S. Sadilov and E. {Di Salvo} and G. Santin and T. Sasaki and N. Savvas and Y. Sawada and S. Scherer and S. Sei and V. Sirotenko and D. Smith and N. Starkov and H. Stoecker and J. Sulkimo and M. Takahata and S. Tanaka and E. Tcherniaev and E. {Safai Tehrani} and M. Tropeano and P. Truscott and H. Uno and L. Urban and P. Urban and M. Verderi and A. Walkden and W. Wander and H. Weber and J.P. Wellisch and T. Wenaus and D.C. Williams and D. Wright and T. Yamada and H. Yoshida and D. Zschiesche},
keywords = {Simulation, Particle interactions, Geometrical modelling, Software engineering, Object-oriented technology, Distributed software development},
abstract = {Geant4 is a toolkit for simulating the passage of particles through matter. It includes a complete range of functionality including tracking, geometry, physics models and hits. The physics processes offered cover a comprehensive range, including electromagnetic, hadronic and optical processes, a large set of long-lived particles, materials and elements, over a wide energy range starting, in some cases, from 250eV and extending in others to the TeV energy range. It has been designed and constructed to expose the physics models utilised, to handle complex geometries, and to enable its easy adaptation for optimal use in different sets of applications. The toolkit is the result of a worldwide collaboration of physicists and software engineers. It has been created exploiting software engineering and object-oriented technology and implemented in the C++ programming language. It has been used in applications in particle physics, nuclear physics, accelerator design, space engineering and medical physics.}
}
@article{Pierog:2013ria,
    author = "Pierog, T. and Karpenko, Iu. and Katzy, J. M. and Yatsenko, E. and Werner, K.",
    title = "{EPOS LHC: Test of collective hadronization with data measured at the CERN Large Hadron Collider}",
    eprint = "1306.0121",
    archivePrefix = "arXiv",
    primaryClass = "hep-ph",
    reportNumber = "DESY-13-125",
    doi = "10.1103/PhysRevC.92.034906",
    journal = "Phys. Rev. C",
    volume = "92",
    number = "3",
    pages = "034906",
    year = "2015"
}
@article{LANGE2001152,
title = {The EvtGen particle decay simulation package},
journal = {Nuclear Instruments and Methods in Physics Research Section A: Accelerators, Spectrometers, Detectors and Associated Equipment},
volume = {462},
number = {1},
pages = {152-155},
year = {2001},
note = {BEAUTY2000, Proceedings of the 7th Int. Conf. on B-Physics at Hadron Machines},
issn = {0168-9002},
doi = {https://doi.org/10.1016/S0168-9002(01)00089-4},
url = {https://www.sciencedirect.com/science/article/pii/S0168900201000894},
author = {David J. Lange},
keywords = {Monte Carlo, Event generator},
abstract = {With several new B-physics experiments now taking data, the physics of B-meson decays will be studied in greater detail than previously possible. It is important to have a simulation of the underlying physics processes that is able to accurately describe this data. The EvtGen package provides a framework for the implementation of physics processes relevant to decays of B mesons and other resonances. Models of time dependent CP asymmetries in neutral B meson decays, semileptonic form-factor models, and a full decay table for B decays are a few of the implemented features.}
}
@article{LHCb:2015coe,
    author = "Aaij, Roel and others",
    collaboration = "LHCb",
    title = "{Measurements of long-range near-side angular correlations in $\sqrt{s_{\text{NN}}}=5$TeV proton-lead collisions in the forward region}",
    eprint = "1512.00439",
    archivePrefix = "arXiv",
    primaryClass = "nucl-ex",
    reportNumber = "LHCB-PAPER-2015-040, CERN-PH-EP-2015-308",
    doi = "10.1016/j.physletb.2016.09.064",
    journal = "Phys. Lett. B",
    volume = "762",
    pages = "473--483",
    year = "2016"
}
@article{CMS:2013jsu,
    author = "Chatrchyan, Serguei and others",
    collaboration = "CMS",
    title = "{Event Activity Dependence of Y(nS) Production in $\sqrt{s_{NN}}$=5.02 TeV pPb and $\sqrt{s}$=2.76 TeV pp Collisions}",
    eprint = "1312.6300",
    archivePrefix = "arXiv",
    primaryClass = "nucl-ex",
    reportNumber = "CMS-HIN-13-003, CERN-PH-EP-2013-219",
    doi = "10.1007/JHEP04(2014)103",
    journal = "JHEP",
    volume = "04",
    pages = "103",
    year = "2014"
}
%ALICE
@article{Ding:2020stx,
    author = "Ding, Yanchun",
    editor = "Mansoulie, Bruno and Marchiori, Giovanni and Salern, Roberto and Bos, Tulika",
    collaboration = "ALICE",
    title = "{Quarkonia production as a function of charged-particle multiplicity in pp collisions at $\sqrt{s}=13$ TeV with ALICE}",
    eprint = "2009.10782",
    archivePrefix = "arXiv",
    primaryClass = "nucl-ex",
    doi = "10.22323/1.382.0224",
    journal = "PoS",
    volume = "LHCP2020",
    pages = "224",
    year = "2021"
}
@article{ALICE:2020tsj,
    author = "Acharya, Shreyasi and others",
    collaboration = "ALICE",
    title = "{Centrality dependence of J/$\psi$ and $\psi$(2S) production and nuclear modification in p-Pb collisions at $\sqrt{s_{\rm NN}} =$ 8.16 TeV}",
    eprint = "2008.04806",
    archivePrefix = "arXiv",
    primaryClass = "nucl-ex",
    reportNumber = "CERN-EP-2020-133",
    doi = "10.1007/JHEP02(2021)002",
    journal = "JHEP",
    volume = "02",
    pages = "002",
    year = "2021"
}
@article{ALICE:2020vjy,
    author = "Acharya, Shreyasi and others",
    collaboration = "ALICE",
    title = "{Measurement of nuclear effects on $\psi\rm{(2S)}$ production in p-Pb collisions at $\sqrt{\textit{s}_{\rm NN}} = 8.16$ TeV}",
    eprint = "2003.06053",
    archivePrefix = "arXiv",
    primaryClass = "nucl-ex",
    reportNumber = "CERN-EP-2020-036",
    doi = "10.1007/JHEP07(2020)237",
    journal = "JHEP",
    volume = "07",
    pages = "237",
    year = "2020"
}
@article{LHCb:2018psc,
    author = "Aaij, Roel and others",
    collaboration = "LHCb",
    title = "{Study of $\Upsilon$ production in $p$Pb collisions at $\sqrt{s_{NN}}=8.16$ TeV}",
    eprint = "1810.07655",
    archivePrefix = "arXiv",
    primaryClass = "hep-ex",
    reportNumber = "LHCb-PAPER-2018-035, CERN-EP-2018-267",
    doi = "10.1007/JHEP11(2018)194",
    journal = "JHEP",
    volume = "11",
    pages = "194",
    year = "2018",
    note = "[Erratum: JHEP 02, 093 (2020)]"
}
@article{LHCb:2016vqr,
    author = "Aaij, Roel and others",
    collaboration = "LHCb",
    title = "{Study of $\psi(2S)$ production and cold nuclear matter effects in pPb collisions at $\sqrt{s_{NN}}=5~\mathrm{TeV}$}",
    eprint = "1601.07878",
    archivePrefix = "arXiv",
    primaryClass = "nucl-ex",
    reportNumber = "LHCB-PAPER-2015-058, CERN-EP-2016-011, LHCb-PAPER-2015-058; CERN-EP-2016-011",
    doi = "10.1007/JHEP03(2016)133",
    journal = "JHEP",
    volume = "03",
    pages = "133",
    year = "2016"
}
@article{Ball:2006wn,
    author = "Ball, Patricia and Braun, V. M. and Lenz, A.",
    title = "{Higher-twist distribution amplitudes of the K meson in QCD}",
    eprint = "hep-ph/0603063",
    archivePrefix = "arXiv",
    reportNumber = "IPPP-06-01, DCPT-06-02, CERN-PH-TH-2006-026",
    doi = "10.1088/1126-6708/2006/05/004",
    journal = "JHEP",
    volume = "05",
    pages = "004",
    year = "2006"
}
@article{LHCb:2011dpk,
    author = "Belyaev, I. and others",
    editor = "Lin, Simon C.",
    collaboration = "LHCb",
    title = "{Handling of the generation of primary events in Gauss, the LHCb simulation framework}",
    doi = "10.1088/1742-6596/331/3/032047",
    journal = "J. Phys. Conf. Ser.",
    volume = "331",
    pages = "032047",
    year = "2011"
}
@article{GEANT4:2002zbu,
    author = "Agostinelli, S. and others",
    collaboration = "GEANT4",
    title = "{GEANT4--a simulation toolkit}",
    reportNumber = "SLAC-PUB-9350, FERMILAB-PUB-03-339, CERN-IT-2002-003",
    doi = "10.1016/S0168-9002(03)01368-8",
    journal = "Nucl. Instrum. Meth. A",
    volume = "506",
    pages = "250--303",
    year = "2003"
}
@article{Clemencic:2011zza,
    author = "Clemencic, M. and Corti, G. and Easo, S. and Jones, C. R. and Miglioranzi, S. and Pappagallo, M. and Robbe, P.",
    editor = "Lin, Simon C.",
    collaboration = "LHCb",
    title = "{The LHCb simulation application, Gauss: Design, evolution and experience}",
    doi = "10.1088/1742-6596/331/3/032023",
    journal = "J. Phys. Conf. Ser.",
    volume = "331",
    pages = "032023",
    year = "2011"
}
@article{Bargiotti:2007zz,
    author = "Bargiotti, M. and Vagnoni, V.",
    title = "{Heavy quarkonia sector in PYTHIA 6.324: Tuning, validation and perspectives at LHCb}",
    reportNumber = "CERN-LHCB-2007-042",
    month = "6",
    year = "2007"
}
@article{Workman:2022ynf,
    author = "Workman, R. L. and Others",
    collaboration = "Particle Data Group",
    title = "{Review of Particle Physics}",
    doi = "10.1093/ptep/ptac097",
    journal = "PTEP",
    volume = "2022",
    pages = "083C01",
    year = "2022"
}
@article{LHCb:2015foc,
    author = "Aaij, Roel and others",
    collaboration = "LHCb",
    title = "{Measurement of forward $J/\psi$ production cross-sections in $pp$ collisions at $\sqrt{s}=13$ TeV}",
    eprint = "1509.00771",
    archivePrefix = "arXiv",
    primaryClass = "hep-ex",
    reportNumber = "LHCB-PAPER-2015-037, CERN-PH-EP-2015-222",
    doi = "10.1007/JHEP10(2015)172",
    journal = "JHEP",
    volume = "10",
    pages = "172",
    year = "2015",
    note = "[Erratum: JHEP 05, 063 (2017)]"
}
@misc{LefrancoisTalk,
	author="Lefrancous, Jacques ", 
	title = "Crystal Ball fits",
	howpublished="\href{https://indico.cern.ch/event/120195/contribution/1/material/slides/1.pdf}{link}" 
}
@article{LHCb:2019eaj,
    author = "Aaij, Roel and others",
    collaboration = "LHCb",
    title = "{Measurement of $\psi$(2$S$) production cross-sections in proton-proton collisions at $\sqrt{s}$ = 7 and 13 TeV}",
    eprint = "1908.03099",
    archivePrefix = "arXiv",
    primaryClass = "hep-ex",
    reportNumber = "CERN-EP-2019-150, LHCb-PAPER-2018-049",
    doi = "10.1140/epjc/s10052-020-7638-y",
    journal = "Eur. Phys. J. C",
    volume = "80",
    number = "3",
    pages = "185",
    year = "2020"
}
@article{NA38:1998udo,
    author = "Abreu, M. C. and others",
    collaboration = "NA38",
    title = "{J / psi, psi-prime and Drell-Yan production in S U interactions at 200-GeV per nucleon}",
    reportNumber = "CERN-EP-98-190",
    doi = "10.1016/S0370-2693(99)00057-X",
    journal = "Phys. Lett. B",
    volume = "449",
    pages = "128--136",
    year = "1999"
}
@article{HERA-B:2006bhy,
    author = "Abt, I. and others",
    collaboration = "HERA-B",
    title = "{A Measurement of the $\psi^\prime$ to $J/\psi$ production ratio in 920-GeV proton-nucleus interactions}",
    eprint = "hep-ex/0607046",
    archivePrefix = "arXiv",
    reportNumber = "DESY-06-117",
    doi = "10.1140/epjc/s10052-006-0139-9",
    journal = "Eur. Phys. J. C",
    volume = "49",
    pages = "545--558",
    year = "2007"
}
@article{NA50:2006yzz,
    author = "Alessandro, B. and others",
    collaboration = "NA50",
    title = "{psi-prime production in Pb-Pb collisions at 158-GeV/nucleon}",
    eprint = "nucl-ex/0612013",
    archivePrefix = "arXiv",
    reportNumber = "CERN-PH-EP-2006-019",
    doi = "10.1140/epjc/s10052-006-0153-y",
    journal = "Eur. Phys. J. C",
    volume = "49",
    pages = "559--567",
    year = "2007"
}
@article{PhysRevLett.77.3736,
  title = {Percolation Approach to Quark-Gluon Plasma and $\mathit{J}/\ensuremath{\psi}$ Suppression},
  author = {Armesto, N. and Braun, M. A. and Ferreiro, E. G. and Pajares, C.},
  journal = {Phys. Rev. Lett.},
  volume = {77},
  issue = {18},
  pages = {3736--3738},
  numpages = {0},
  year = {1996},
  month = {Oct},
  publisher = {American Physical Society},
  doi = {10.1103/PhysRevLett.77.3736},
  url = {https://link.aps.org/doi/10.1103/PhysRevLett.77.3736}
}
@article{FERREIRO201598,
  title = {Excited charmonium suppression in proton–nucleus collisions as a consequence of comovers},
  journal = {Physics Letters B},
  volume = {749},
  pages = {98-103},
  year = {2015},
  issn = {0370-2693},
  doi = {https://doi.org/10.1016/j.physletb.2015.07.066},
  url = {https://www.sciencedirect.com/science/article/pii/S0370269315005766},
  author = {E.G. Ferreiro}
}
@article{Eskola_2009,
	doi = {10.1088/1126-6708/2009/04/065},
	url = {https://doi.org/10.1088/1126-6708/2009/04/065},
	year = 2009,
	month = {apr},
	publisher = {Springer Science and Business Media {LLC}},
	volume = {2009},
	number = {04},
	pages = {065--065},
	author = {K.J Eskola and H Paukkunen and C.A Salgado},
	title = {{EPS}09 {\textemdash} A new generation of {NLO} and {LO} nuclear parton distribution functions},
	journal = {Journal of High Energy Physics}
}
@article{Koba:1972ng,
    author = "Koba, Z. and Nielsen, Holger Bech and Olesen, P.",
    title = "{Scaling of multiplicity distributions in high-energy hadron collisions}",
    doi = "10.1016/0550-3213(72)90551-2",
    journal = "Nucl. Phys. B",
    volume = "40",
    pages = "317--334",
    year = "1972"
}
@misc{Trackweb,
  title = "Tracking correction table",
  howpublished= "\href{https://twiki.cern.ch/twiki/bin/view/LHCb/LHCbTrackingEfficiencies}{https://
	               twiki.cern.ch/twiki/bin/view/LHCb/LHCbTrackingEfficiencies}"
}
@article{MATSUI1986416,
title = {J/psi suppression by quark-gluon plasma formation},
journal = {Physics Letters B},
volume = {178},
number = {4},
pages = {416-422},
year = {1986},
issn = {0370-2693},
doi = {https://doi.org/10.1016/0370-2693(86)91404-8},
url = {https://www.sciencedirect.com/science/article/pii/0370269386914048},
author = {T. Matsui and H. Satz},
}

@inproceedings{Tork:2022bef,
    author = "Tork, Theraa",
    collaboration = "ALICE",
    title = "{Charmonium production as a function of charged-particle multiplicity in pp and p--Pb collisions with ALICE at the LHC}",
    booktitle = "{29th International Workshop on Deep-Inelastic Scattering and Related Subjects}",
    eprint = "2207.13399",
    archivePrefix = "arXiv",
    primaryClass = "nucl-ex",
    month = "7",
    year = "2022"
}

@article{LHCb:2022syj,
    collaboration = "LHCb",
    title = "{Evidence for modification of $b$ quark hadronization in high-multiplicity $pp$ collisions at $\sqrt{s} = 13$ TeV}",
    eprint = "2204.13042",
    archivePrefix = "arXiv",
    primaryClass = "hep-ex",
    reportNumber = "LHCb-PAPER-2022-001, CERN-EP-2022-062",
    month = "4",
    year = "2022"
}

@article{Satz_2011,
	doi = {10.1016/j.nuclphysa.2011.05.014},
	url = {https://doi.org/10.1016\%2Fj.nuclphysa.2011.05.014},
	year = 2011,
	month = {jul}, 
	publisher = {Elsevier {BV}},
	volume = {862-863},
	pages = {4--12},
	author = {Helmut Satz},
	title = {The Quark-Gluon Plasma {\textendash} A Short Introduction},
	journal = {Nuclear Physics A}
}
