% Correct Bibtex entries are best obtained by cut-and-paste from 
% Spires or Inspire.
%
% - They might still need some editing of Latex symbols in 
%   the titles. 
% - Page ranges should in many cases be shortened to just 
%   having the start page.
% - Collaborations might need to be added or indeed just the word 
%   "collaboration" put after them.
% - Do not add here any bibtex snippet that is already provided in
%   other bib files, for instance LHCb-PAPER.bib
%
% This file is intentionally empty. Use it for your own references. Standard references are in LHCb-CONF.bib  LHCb-DP.bib  LHCb-PAPER.bib  LHCb-TDR.bib  standard.bib
@article{Ma:2014mri,
    author = "Ma, Yan-Qing and Venugopalan, Raju",
    title = "{Comprehensive Description of J/\ensuremath{\psi} Production in Proton-Proton Collisions at Collider Energies}",
    eprint = "1408.4075",
    archivePrefix = "arXiv",
    primaryClass = "hep-ph",
    doi = "10.1103/PhysRevLett.113.192301",
    journal = "Phys. Rev. Lett.",
    volume = "113",
    number = "19",
    pages = "192301",
    year = "2014"
}

@article{CMS:2020fae,
    author = "Sirunyan, Albert M and others",
    collaboration = "CMS",
    title = "{Investigation into the event-activity dependence of $\Upsilon$(nS) relative production in proton-proton collisions at $ \sqrt{s} $ = 7 TeV}",
    eprint = "2007.04277",
    archivePrefix = "arXiv",
    primaryClass = "hep-ex",
    reportNumber = "CMS-BPH-14-009, CERN-EP-2020-075",
    doi = "10.1007/JHEP11(2020)001",
    journal = "JHEP",
    volume = "11",
    pages = "001",
    year = "2020"
}
@article{PHENIX:2022nrm,
    author = "Acharya, U. A. and others",
    collaboration = "PHENIX",
    title = "{Measurement of $\psi(2S)$ nuclear modification at backward and forward rapidity in $p$ $+$ $p$, $p$ $+$ Al, and $p$ $+$ Au collisions at $\sqrt{s_{_{NN}}}=200$ GeV}",
    eprint = "2202.03863",
    archivePrefix = "arXiv",
    primaryClass = "nucl-ex",
    doi = "10.1103/PhysRevC.105.064912",
    journal = "Phys. Rev. C",
    volume = "105",
    number = "6",
    pages = "064912",
    year = "2022"
}

@article{ATLAS:2017prf,
    author = "Aaboud, Morad and others",
    collaboration = "ATLAS",
    title = "{Measurement of quarkonium production in proton\textendash{}lead and proton\textendash{}proton collisions at $5.02~\mathrm {TeV}$ with the ATLAS detector}",
    eprint = "1709.03089",
    archivePrefix = "arXiv",
    primaryClass = "nucl-ex",
    reportNumber = "CERN-EP-2017-197, CERN-PH-EP-2017-197",
    doi = "10.1140/epjc/s10052-018-5624-4",
    journal = "Eur. Phys. J. C",
    volume = "78",
    number = "3",
    pages = "171",
    year = "2018"
}
@article{Kumar:2018knz,
    author = "Kumar, Vineet",
    editor = "Naimuddin, Md.",
    collaboration = "CMS",
    title = "{Quarkonium Production and Suppression with CMS Detector at LHC}",
    reportNumber = "CMS-CR-2017-027",
    doi = "10.1007/978-3-319-73171-1_49",
    journal = "Springer Proc. Phys.",
    volume = "203",
    pages = "219--222",
    year = "2018"
}
@techreport{Kukral:2884404,
      author        = "Kukral, Ota",
      collaboration = "CMS",
      title         = "{Studies of the relative suppression of excited quarkonium
                       states with CMS}",
      institution   = "CERN",
      number  = "CMS-CR-2023-307",
      address       = "Geneva",
      year          = "2023",
      url           = "https://cds.cern.ch/record/2884404",
}
@article{Aaij:2014zzy,
    author = "Aaij, R. and others",
    title = "{Performance of the LHCb Vertex Locator}",
    eprint = "1405.7808",
    archivePrefix = "arXiv",
    primaryClass = "physics.ins-det",
    reportNumber = "CERN-LHCB-DP-2014-001",
    doi = "10.1088/1748-0221/9/09/P09007",
    journal = "JINST",
    volume = "9",
    pages = "P09007",
    year = "2014"
}

@article{Gavin:1996yd,
    author = "Gavin, Sean and Vogt, Ramona",
    title = "{Charmonium suppression by Comover scattering in Pb + Pb collisions}",
    eprint = "hep-ph/9606460",
    archivePrefix = "arXiv",
    reportNumber = "LBL-37980",
    doi = "10.1103/PhysRevLett.78.1006",
    journal = "Phys. Rev. Lett.",
    volume = "78",
    pages = "1006--1009",
    year = "1997"
}
@article{CMS:2022wfi,
    author = "Tumasyan, Armen and others",
    collaboration = "CMS",
    title = "{Nuclear modification of $\Upsilon$ states in pPb collisions at $\sqrt{s_\mathrm{NN}}$ = 5.02 TeV}",
    eprint = "2202.11807",
    archivePrefix = "arXiv",
    primaryClass = "hep-ex",
    reportNumber = "CMS-HIN-18-005, CERN-EP-2020-181",
    doi = "10.1016/j.physletb.2022.137397",
    journal = "Phys. Lett. B",
    volume = "835",
    pages = "137397",
    year = "2022"
}
@techreport{ATLAS-CONF-2022-023,
      collaboration = "ATLAS",
      title         = "{Correlation of $\Upsilon$ meson production with the
                       underlying event in $pp$ collisions measured by the ATLAS
                       experiment}",
      institution   = "CERN",
      number  = "ATLAS-CONF-2022-023",
      address       = "Geneva",
      year          = "2022",
      url           = "https://cds.cern.ch/record/2806464",
}
@article{STAR:2019fge,
    author = "Adam, Jaroslav and others",
    collaboration = "STAR",
    title = "{Measurement of inclusive $J/\psi$ suppression in Au+Au collisions at $\sqrt{s_{NN}}$ = 200 GeV through the dimuon channel at STAR}",
    eprint = "1905.13669",
    archivePrefix = "arXiv",
    primaryClass = "nucl-ex",
    doi = "10.1016/j.physletb.2019.134917",
    journal = "Phys. Lett. B",
    volume = "797",
    pages = "134917",
    year = "2019"
}
@article{Ferreiro:2018wbd,
    author = "Ferreiro, Elena G. and Lansberg, Jean-Philippe",
    title = "{Is bottomonium suppression in proton-nucleus and nucleus-nucleus collisions at LHC energies due to the same effects?}",
    eprint = "1804.04474",
    archivePrefix = "arXiv",
    primaryClass = "hep-ph",
    doi = "10.1007/JHEP10(2018)094",
    journal = "JHEP",
    volume = "10",
    pages = "094",
    year = "2018",
    note = "[Erratum: JHEP 03, 063 (2019)]"
}
@article{Esposito:2020ywk,
    author = "Esposito, Angelo and Ferreiro, Elena G. and Pilloni, Alessandro and Polosa, Antonio D. and Salgado, Carlos A.",
    title = "{The nature of X(3872) from high-multiplicity pp collisions}",
    eprint = "2006.15044",
    archivePrefix = "arXiv",
    primaryClass = "hep-ph",
    doi = "10.1140/epjc/s10052-021-09425-w",
    journal = "Eur. Phys. J. ",
    volume = "C81",
    number = "7",
    pages = "669",
    year = "2021"
}
@article{Zhao:2020jqu,
    author = "Zhao, Jiaxing and Zhou, Kai and Chen, Shile and Zhuang, Pengfei",
    title = "{Heavy flavors under extreme conditions in high energy nuclear collisions}",
    eprint = "2005.08277",
    archivePrefix = "arXiv",
    primaryClass = "nucl-th",
    doi = "10.1016/j.ppnp.2020.103801",
    journal = "Prog. Part. Nucl. Phys.",
    volume = "114",
    pages = "103801",
    year = "2020"
}
@article{Braaten:2020iqw,
    author = "Braaten, Eric and He, Li-Ping and Ingles, Kevin and Jiang, Jun",
    title = "{Production of $X(3872)$ at High Multiplicity}",
    eprint = "2012.13499",
    archivePrefix = "arXiv",
    primaryClass = "hep-ph",
    doi = "10.1103/PhysRevD.103.L071901",
    journal = "Phys. Rev. ",
    volume = "D103",
    number = "7",
    pages = "L071901",
    year = "2021"
}
@article{Archilli:2013npa,
    author = "Archilli, F. and others",
    title = "{Performance of the Muon Identification at LHCb}",
    eprint = "1306.0249",
    archivePrefix = "arXiv",
    primaryClass = "physics.ins-det",
    number = "CERN-LHCB-DP-2013-001, LHCB-DP-2013-001",
    doi = "10.1088/1748-0221/8/10/P10020",
    journal = "JINST",
    volume = "8",
    pages = "P10020",
    year = "2013"
}
@article{Ma:2022rfl,
    author = "Ma, Zhi-Lei and Lu, Zhun and Zhang, Li",
    title = "{Inelastic heavy quarkonium photoproduction in ultrarelativistic heavy-ion collisions}",
    eprint = "2203.12153",
    archivePrefix = "arXiv",
    primaryClass = "hep-ph",
    month = "3",
    year = "2022"
}
@article{ALICE:2017leg,
       	author = "Acharya, Shreyasi and others", collaboration = "ALICE",
       	title = "{Energy dependence of forward-rapidity $\jpsi $ and $\psi \mathrm {(2S)}$ production in pp collisions at the LHC}",
       	eprint = "1702.00557", 
	archivePrefix = "arXiv", 
	primaryClass = "hep-ex", reportNumber = "CERN-EP-2017-015", 
	doi = "10.1140/epjc/s10052-017-4940-4", 
	journal = "Eur. Phys. J. ", 
	volume = "C77", 
	number = "6", 
	pages = "392", 
	year = "2017" 
}
@article{CMS:2011rxs,
    author = "Chatrchyan, Serguei and others",
    collaboration = "CMS",
    title = "{$\jpsi$ and $\psitwos$ production in $pp$ collisions at $\sqrt{s}=7$ TeV}",
    eprint = "1111.1557",
    archivePrefix = "arXiv",
    primaryClass = "hep-ex",
    number = "CMS-BPH-10-014, CERN-PH-EP-2011-177",
    doi = "10.1007/JHEP02(2012)011",
    journal = "JHEP",
    volume = "02",
    pages = "011",
    year = "2012"
}
@article{ALICE:2012eyl,
    author = "Abelev, Betty and others",
    collaboration = "ALICE",
    title = "{Long-range angular correlations on the near and away side in $p$-Pb collisions at $\sqrt{s_{NN}}=5.02$ TeV}",
    eprint = "1212.2001",
    archivePrefix = "arXiv",
    primaryClass = "nucl-ex",
    number = "CERN-PH-EP-2012-359",
    doi = "10.1016/j.physletb.2013.01.012",
    journal = "Phys. Lett. ",
    volume = "B719",
    pages = "29--41",
    year = "2013"
}
@article{ATLAS:2012cix,
    author = "Aad, Georges and others",
    collaboration = "ATLAS",
    title = "{Observation of associated near-side and away-side long-range correlations in $\sqrt{s_{NN}}$=5.02  TeV proton-lead collisions with the ATLAS detector}",
    eprint = "1212.5198",
    archivePrefix = "arXiv",
    primaryClass = "hep-ex",
    reportNumber = "CERN-PH-EP-2012-366",
    doi = "10.1103/PhysRevLett.110.182302",
    journal = "Phys. Rev. Lett.",
    volume = "110",
    number = "18",
    pages = "182302",
    year = "2013"
}
@article{CMS:2012qk,
    author = "Chatrchyan, Serguei and others",
    collaboration = "CMS",
    title = "{Observation of long-range near-side angular correlations in proton-lead collisions at the LHC}",
    eprint = "1210.5482",
    archivePrefix = "arXiv",
    primaryClass = "nucl-ex",
    number = "CMS-HIN-12-005, CERN-PH-EP-2012-320, CMS-HIN-12-015",
    doi = "10.1016/j.physletb.2012.11.025",
    journal = "Phys. Lett. ",
    volume = "B718",
    pages = "795--814",
    year = "2013"
}
@article{CMS:2010ifv,
    author = "Khachatryan, Vardan and others",
    collaboration = "CMS",
    title = "{Observation of long-range near-side angular correlations in proton-proton collisions at the LHC}",
    eprint = "1009.4122",
    archivePrefix = "arXiv",
    primaryClass = "hep-ex",
    number = "CMS-QCD-10-002, CERN-PH-EP-2010-031",
    doi = "10.1007/JHEP09(2010)091",
    journal = "JHEP",
    volume = "09",
    pages = "091",
    year = "2010"
}
@techreport{Tolk:2014llp,
      author        = "Tolk, S and Albrecht, J and Dettori, F and Pellegrino, A",
      title         = "{Data driven trigger efficiency determination at LHCb}",
      institution   = "CERN",
      number  = "LHCb-PUB-2014-039, CERN-LHCb-PUB-2014-039",
      address       = "Geneva",
      year          = "2014",
      url           = {https://cds.cern.ch/record/1701134},
}
@article{TagAndProbe,
author = {López, Silvia},
year = {2016},
month = {04},
pages = {1048-1054},
title = {CMS Detector Performance during LHC Run 1 and projections for Run 2},
volume = {273-275},
journal = {Nuclear and Particle Physics Proceedings},
doi = {10.1016/j.nuclphysbps.2015.09.164}
}
@techreport{Anderlini:2202412,
      author        = "Anderlini, Lucio and Contu, Andrea and Jones, Christopher
                       Rob and Malde, Sneha Sirirshkumar and Muller, Dominik and
                       Ogilvy, Stephen and Otalora Goicochea, Juan Martin and
                       Pearce, Alex and Polyakov, Ivan and Qian, Wenbin and
                       Sciascia, Barbara and Vazquez Gomez, Ricardo and Zhang,
                       Yanxi",
      title         = "{The PIDCalib package}",
      institution   = "CERN",
      number  = "LHCb-PUB-2016-021, CERN-LHCb-PUB-2016-021",
      address       = "Geneva",
      year          = "2016",
      url           = "https://cds.cern.ch/record/2202412",
}
@article{LHCb:2020sey,
    author = "Aaij, Roel and others",
    collaboration = "LHCb",
    title = "{Observation of multiplicity dependent prompt $\chi_{c1}(3872)$ and $\psi(2S)$ production in $pp$ collisions}",
    eprint = "2009.06619",
    archivePrefix = "arXiv",
    primaryClass = "hep-ex",
    reportNumber = "LHCb-PAPER-2020-023, CERN-EP-2020-161",
    doi = "10.1103/PhysRevLett.126.092001",
    journal = "Phys. Rev. Lett.",
    volume = "126",
    number = "9",
    pages = "092001",
    year = "2021"
}
@techreport{DeCian:1402577,
      author        = "De Cian, Michel and Hansmann-Menzemer, Stephanie and
                       Jaeger, Andreas and Seyfert, Paul and van Tilburg, Jeroen
                       and Wandernoth, Sebastian",
      title         = "{Measurement of the track finding efficiency}",
      institution   = "CERN",
      number  = "LHCb-PUB-2011-025, CERN-LHCb-PUB-2011-025",
      address       = "Geneva",
      year          = "2012",
      url           = "https://cds.cern.ch/record/1402577",
}
@article{Cranmer:2000du,
    author = "Cranmer, Kyle S.",
    title = "{Kernel estimation in high-energy physics}",
    eprint = "hep-ex/0011057",
    archivePrefix = "arXiv",
    doi = "10.1016/S0010-4655(00)00243-5",
    journal = "Comput. Phys. Commun.",
    volume = "136",
    pages = "198--207",
    year = "2001"
}
@article{ALICE:2020vjy,
    author = "Acharya, Shreyasi and others",
    collaboration = "ALICE",
    title = "{Measurement of nuclear effects on $\psi\rm{(2S)}$ production in p-Pb collisions at $\sqrt{\textit{s}_{\rm NN}} = 8.16$ TeV}",
    eprint = "2003.06053",
    archivePrefix = "arXiv",
    primaryClass = "nucl-ex",
    number = "CERN-EP-2020-036",
    doi = "10.1007/JHEP07(2020)237",
    journal = "JHEP",
    volume = "07",
    pages = "237",
    year = "2020"
}

@article{ALICE:2020tsj,
    author = "Acharya, Shreyasi and others",
    collaboration = "ALICE",
    title = "{Centrality dependence of J/$\psi$ and $\psi$(2S) production and nuclear modification in p-Pb collisions at $\sqrt{s_{\rm NN}} =$ 8.16 TeV}",
    eprint = "2008.04806",
    archivePrefix = "arXiv",
    primaryClass = "nucl-ex",
    number = "CERN-EP-2020-133",
    doi = "10.1007/JHEP02(2021)002",
    journal = "JHEP",
    volume = "02",
    pages = "002",
    year = "2021"
}
@article{Thews:2000rj,
    author = "Thews, Robert L. and Schroedter, Martin and Rafelski, Johann",
    title = "{Enhanced $J/\psi$ production in deconfined quark matter}",
    eprint = "hep-ph/0007323",
    archivePrefix = "arXiv",
    doi = "10.1103/PhysRevC.63.054905",
    journal = "Phys. Rev. ",
    volume = "C63",
    pages = "054905",
    year = "2001"
}
@article{PHENIX:2016vmz,
    author = "Adare, A. and others",
    collaboration = "PHENIX",
    title = "{Measurement of the relative yields of $\psitwos$ to $\jpsi$ mesons produced at forward and backward rapidity in $p+p$, $p+$Al, $p+$Au, and $^{3}$He$+$Au collisions at $\sqrt{s_{_{NN}}}=200$ GeV}",
    eprint = "1609.06550",
    archivePrefix = "arXiv",
    primaryClass = "nucl-ex",
    doi = "10.1103/PhysRevC.95.034904",
    journal = "Phys. Rev. ",
    volume = "C95",
    number = "3",
    pages = "034904",
    year = "2017"
}
@article{NA50:2006rdp,
    author = "Alessandro, B. and others",
    collaboration = "NA50",
    title = "{$J/\psi$ and $\psi\prime$ production and their normal nuclear absorption in proton-nucleus collisions at 400-GeV}",
    eprint = "nucl-ex/0612012",
    archivePrefix = "arXiv",
    number = "CERN-PH-EP-2006-018",
    doi = "10.1140/epjc/s10052-006-0079-4",
    journal = "Eur. Phys. J. ",
    volume = "C48",
    pages = "329",
    year = "2006"
}
@article{PHENIX:2011gyb,
    author = "Adare, A. and others",
    collaboration = "PHENIX",
    title = "{Ground and excited charmonium state production in $p+p$ collisions at $\sqrt{s}=200$ GeV}",
    eprint = "1105.1966",
    archivePrefix = "arXiv",
    primaryClass = "hep-ex",
    doi = "10.1103/PhysRevD.85.092004",
    journal = "Phys. Rev. ",
    volume = "D85",
    pages = "092004",
    year = "2012"
}
@article{E705:1992vec,
    author = "Antoniazzi, L. and others",
    collaboration = "E705",
    title = "{Production of $\jpsi$ via $\psitwos$ and $\Xi$ decay in 300-GeV/c proton and $\pi^{\pm}$ nucleon interactions}",
    number = "FERMILAB-PUB-92-140-E",
    doi = "10.1103/PhysRevLett.70.383",
    journal = "Phys. Rev. Lett.",
    volume = "70",
    pages = "383--386",
    year = "1993"
}
@article{NA51:1998uun,
    author = "Abreu, M. C. and others",
    collaboration = "NA51",
    title = "{$J/\psi$, $\psi\prime$ and Drell-Yan production in pp and pd interactions at 450-GeV/c}",
    doi = "10.1016/S0370-2693(98)01014-4",
    journal = "Phys. Lett. ",
    volume = "B438",
    pages = "35--40",
    year = "1998"
}
@article{Clark:1978mg,
    author = "Clark, A. G. and others",
    title = "{Electron pair production at the {CERN} {ISR}}",
    number = "PRINT-78-0636 (CERN)",
    doi = "10.1016/0550-3213(78)90400-5",
    journal = "Nucl. Phys. ",
    volume = "B142",
    pages = "29",
    year = "1978"
}
@article{UA1:1990eni,
    author = "Albajar, C. and others",
    collaboration = "UA1",
    title = "{$J/\psi$ and $\psi\prime$ production at the CERN $p\bar{p}$ collider}",
    number = "CERN-PPE-90-154",
    doi = "10.1016/0370-2693(91)90227-H",
    journal = "Phys. Lett. ",
    volume = "B256",
    pages = "112--120",
    year = "1991"
}
@article{CDF:1997ykw,
    author = "Abe, F. and others",
    collaboration = "CDF",
    title = "{$J/\psi$ and $\psi(2S)$ production in $p\bar{p}$ collisions at $\sqrt{s} = 1.8$ TeV}",
    number = "FERMILAB-PUB-97-024-E, CDF-PUB-BOTTOM-PUBLIC-3792, FERMILAB-PUB-98-173-EJ",
    doi = "10.1103/PhysRevLett.79.572",
    journal = "Phys. Rev. Lett.",
    volume = "79",
    pages = "572--577",
    year = "1997"
}
@article{LHCb:2013nqs,
    author = "Aaij, R and others",
    collaboration = "LHCb",
    title = "{Exclusive $J/\psi$ and $\psi$(2S) production in pp collisions at $ \sqrt{s} = 7$ TeV}",
    eprint = "1301.7084",
    archivePrefix = "arXiv",
    primaryClass = "hep-ex",
    number = "CERN-PH-EP-2013-005, LHCB-PAPER-2012-044",
    doi = "10.1088/0954-3899/40/4/045001",
    journal = "J. Phys. G",
    volume = "G40",
    pages = "045001",
    year = "2013"
}
@article{ALICE:2014uja,
    author = "Abelev, Betty Bezverkhny and others",
    collaboration = "ALICE",
    title = "{Measurement of quarkonium production at forward rapidity in $pp$ collisions at $\sqrt{s} = 7$ TeV}",
    eprint = "1403.3648",
    archivePrefix = "arXiv",
    primaryClass = "nucl-ex",
    number = "CERN-PH-EP-2014-042",
    doi = "10.1140/epjc/s10052-014-2974-4",
    journal = "Eur. Phys. J. C",
    volume = "74",
    number = "8",
    pages = "2974",
    year = "2014"
}
@article{CMS:2016fnw,
    author = "Khachatryan, Vardan and others",
    collaboration = "CMS",
    title = "{Evidence for collectivity in pp collisions at the LHC}",
    eprint = "1606.06198",
    archivePrefix = "arXiv",
    primaryClass = "nucl-ex",
    number = "CMS-HIN-16-010, CERN-EP-2016-147",
    doi = "10.1016/j.physletb.2016.12.009",
    journal = "Phys. Lett. ",
    volume = "B765",
    pages = "193--220",
    year = "2017"
}
@article{ALICE:2016fzo,
    author = "Adam, Jaroslav and others",
    collaboration = "ALICE",
    title = "{Enhanced production of multi-strange hadrons in high-multiplicity proton-proton collisions}",
    eprint = "1606.07424",
    archivePrefix = "arXiv",
    primaryClass = "nucl-ex",
    number = "CERN-EP-2016-153",
    doi = "10.1038/nphys4111",
    journal = "Nature Phys.",
    volume = "13",
    pages = "535--539",
    year = "2017"
}
@article{Ferreiro:2012rq,
    author = "Ferreiro, E. G.",
    title = "{Charmonium dissociation and recombination at LHC: Revisiting comovers}",
    eprint = "1210.3209",
    archivePrefix = "arXiv",
    primaryClass = "hep-ph",
    doi = "10.1016/j.physletb.2014.02.011",
    journal = "Phys. Lett. ",
    volume = "B731",
    pages = "57--63",
    year = "2014"
}
@article{Arleo:2014oha,
    author = "Arleo, Fran\c{c}ois and Peign\'e, St\'ephane",
    title = "{Quarkonium suppression in heavy-ion collisions from coherent energy loss in cold nuclear matter}",
    eprint = "1407.5054",
    archivePrefix = "arXiv",
    primaryClass = "hep-ph",
    number = "LAPTH-050-14",
    doi = "10.1007/JHEP10(2014)073",
    journal = "JHEP",
    volume = "10",
    pages = "073",
    year = "2014"
}
@article{AtashbarTehrani:2017mzi,
    author = "Atashbar Tehrani, S.",
    title = "{Nuclear parton distribution functions (nPDFs) and their uncertainties in the LHC Era}",
    eprint = "1712.02153",
    archivePrefix = "arXiv",
    primaryClass = "hep-ph",
    doi = "10.18502/ken.v3i1.1758",
    journal = "KnE Energ. Phys.",
    volume = "3",
    pages = "297--303",
    year = "2018"
}
@article{LHCb:2017ygo,
    author = "Aaij, R. and others",
    collaboration = "LHCb",
    title = "{Prompt and nonprompt J/$\psi$ production and nuclear modification in $p$Pb collisions at $\sqrt{s_{\text{NN}}}= 8.16$ TeV}",
    eprint = "1706.07122",
    archivePrefix = "arXiv",
    primaryClass = "hep-ex",
    number = "LHCB-PAPER-2017-014, CERN-EP-2017-122",
    doi = "10.1016/j.physletb.2017.09.058",
    journal = "Phys. Lett. B.",
    volume = "774",
    pages = "159--178",
    year = "2017"
}
@article{PHENIX:2007tnc,
    author = "Adare, A. and others",
    collaboration = "PHENIX",
    title = "{Cold Nuclear Matter Effects on J/Psi as Constrained by Deuteron-Gold Measurements at s(NN)**(1/2) = 200-GeV}",
    eprint = "0903.4845",
    archivePrefix = "arXiv",
    primaryClass = "nucl-ex",
    doi = "10.1103/PhysRevC.77.024912",
    journal = "Phys. Rev. C",
    volume = "77",
    pages = "024912",
    year = "2008",
    note = "[Erratum: Phys.Rev.C 79, 059901 (2009)]"
}
@article{PHENIX:2013pmn,
    author = "Adare, A. and others",
    collaboration = "PHENIX",
    title = "{Nuclear Modification of $\psi$', $\chi_c$, and $J/\psi$ Production in d+Au Collisions at $\sqrt{s_{NN}}$=200  GeV}",
    eprint = "1305.5516",
    archivePrefix = "arXiv",
    primaryClass = "nucl-ex",
    doi = "10.1103/PhysRevLett.111.202301",
    journal = "Phys. Rev. Lett.",
    volume = "111",
    number = "20",
    pages = "202301",
    year = "2013"
}
@article{CMS:2013jsu,
    author = "Chatrchyan, Serguei and others",
    collaboration = "CMS",
    title = "{Event activity dependence of $\Upsilon(nS)$ production in $\sqrt{s_{NN}}$=5.02 TeV $p$Pb and $\sqrt{s}$=2.76 TeV $pp$ Collisions}",
    eprint = "1312.6300",
    archivePrefix = "arXiv",
    primaryClass = "nucl-ex",
    number = "CMS-HIN-13-003, CERN-PH-EP-2013-219",
    doi = "10.1007/JHEP04(2014)103",
    journal = "JHEP",
    volume = "04",
    pages = "103",
    year = "2014"
}
%ALICE
@article{Ding:2020stx,
    author = "Ding, Yanchun",
    editor = "Mansoulie, Bruno and Marchiori, Giovanni and Salern, Roberto and Bos, Tulika",
    collaboration = "ALICE",
    title = "{Quarkonia production as a function of charged-particle multiplicity in pp collisions at $\sqrt{s}=13$ TeV with ALICE}",
    eprint = "2009.10782",
    archivePrefix = "arXiv",
    primaryClass = "nucl-ex",
    doi = "10.22323/1.382.0224",
    journal = "PoS",
    volume = "LHCP2020",
    pages = "224",
    year = "2021"
}
@article{LHCb:2018psc,
    author = "Aaij, Roel and others",
    collaboration = "LHCb",
    title = "{Study of $\OneS$ production in $p$Pb collisions at $\sqrt{s_{NN}}=8.16$ TeV}",
    eprint = "1810.07655",
    archivePrefix = "arXiv",
    primaryClass = "hep-ex",
    number = "LHCb-PAPER-2018-035, CERN-EP-2018-267",
    doi = "10.1007/JHEP11(2018)194",
    journal = "JHEP",
    volume = "11",
    pages = "194",
    year = "2018",
    note = "[Erratum: JHEP 02, 093 (2020)]"
}
@article{LHCb:2016vqr,
    author = "Aaij, Roel and others",
    collaboration = "LHCb",
    title = "{Study of $\psi(2S)$ production and cold nuclear matter effects in pPb collisions at $\sqrt{s_{NN}}=5~\mathrm{TeV}$}",
    eprint = "1601.07878",
    archivePrefix = "arXiv",
    primaryClass = "nucl-ex",
    number = "LHCB-PAPER-2015-058, CERN-EP-2016-011, LHCb-PAPER-2015-058; CERN-EP-2016-011",
    doi = "10.1007/JHEP03(2016)133",
    journal = "JHEP",
    volume = "03",
    pages = "133",
    year = "2016"
}
@article{Ball:2006wn,
    author = "Ball, Patricia and Braun, V. M. and Lenz, A.",
    title = "{Higher-twist distribution amplitudes of the K meson in QCD}",
    eprint = "hep-ph/0603063",
    archivePrefix = "arXiv",
    number = "IPPP-06-01, DCPT-06-02, CERN-PH-TH-2006-026",
    doi = "10.1088/1126-6708/2006/05/004",
    journal = "JHEP",
    volume = "05",
    pages = "004",
    year = "2006"
}
@article{LHCb:2011dpk,
    author = "Belyaev, I. and others",
    editor = "Lin, Simon C.",
    collaboration = "LHCb",
    title = "{Handling of the generation of primary events in Gauss, the LHCb simulation framework}",
    doi = "10.1088/1742-6596/331/3/032047",
    journal = "J. Phys. Conf. Ser.",
    volume = "331",
    pages = "032047",
    year = "2011"
}
@article{GEANT4:2002zbu,
    author = "Agostinelli, S. and others",
    collaboration = "GEANT4",
    title = "{GEANT4--a simulation toolkit}",
    number = "SLAC-PUB-9350, FERMILAB-PUB-03-339, CERN-IT-2002-003",
    doi = "10.1016/S0168-9002(03)01368-8",
    journal = "Nucl. Instrum. Meth.",
    volume = "A506",
    pages = "250--303",
    year = "2003"
}
@article{Clemencic:2011zza,
    author = "Clemencic, M. and Corti, G. and Easo, S. and Jones, C. R. and Miglioranzi, S. and Pappagallo, M. and Robbe, P.",
    editor = "Lin, Simon C.",
    collaboration = "LHCb",
    title = "{The LHCb simulation application, Gauss: Design, evolution and experience}",
    doi = "10.1088/1742-6596/331/3/032023",
    journal = "J. Phys. Conf. Ser.",
    volume = "331",
    pages = "032023",
    year = "2011"
}
@techreport{Bargiotti:2007zz,
      author        = "Bargiotti, M and Vagnoni, V",
      title         = "{Heavy Quarkonia sector in PYTHIA 6.324: tuning,
                       validation and perspectives at LHCb}",
      institution   = "CERN",
      number  = "LHCb-2007-042, CERN-LHCb-2007-042",
      address       = "Geneva",
      year          = "2007",
      url           = "https://cds.cern.ch/record/1042611",
}
@article{Workman:2022ynf,
    author = "Workman, R. L. and Others",
    collaboration = "Particle Data Group",
    title = "{Review of Particle Physics}",
    doi = "10.1093/ptep/ptac097",
    journal = "PTEP",
    volume = "2022",
    pages = "083C01",
    year = "2022"
}
@article{LHCb:2015foc,
    author = "Aaij, Roel and others",
    collaboration = "LHCb",
    title = "{Measurement of forward $J/\psi$ production cross-sections in $pp$ collisions at $\sqrt{s}=13$ TeV}",
    eprint = "1509.00771",
    archivePrefix = "arXiv",
    primaryClass = "hep-ex",
    number = "LHCB-PAPER-2015-037, CERN-PH-EP-2015-222",
    doi = "10.1007/JHEP10(2015)172",
    journal = "JHEP",
    volume = "10",
    pages = "172",
    year = "2015",
    note = "[Erratum: JHEP 05, 063 (2017)]"
}
@misc{LefrancoisTalk,
	author="Lefrancous, Jacques ", 
	title = "Crystal Ball fits",
	howpublished="\href{https://indico.cern.ch/event/120195/contribution/1/material/slides/1.pdf}{link}" 
}
@article{LHCb:2019eaj,
    author = "Aaij, Roel and others",
    collaboration = "LHCb",
    title = "{Measurement of $\psi$(2$S$) production cross-sections in proton-proton collisions at $\sqrt{s}$ = 7 and 13 TeV}",
    eprint = "1908.03099",
    archivePrefix = "arXiv",
    primaryClass = "hep-ex",
    number = "CERN-EP-2019-150, LHCb-PAPER-2018-049",
    doi = "10.1140/epjc/s10052-020-7638-y",
    journal = "Eur. Phys. J. C",
    volume = "80",
    number = "3",
    pages = "185",
    year = "2020"
}
@article{NA38:1998udo,
    author = "Abreu, M. C. and others",
    collaboration = "NA38",
    title = "{J / psi, psi-prime and Drell-Yan production in S U interactions at 200-GeV per nucleon}",
    number = "CERN-EP-98-190",
    doi = "10.1016/S0370-2693(99)00057-X",
    journal = "Phys. Lett. B.",
    volume = "449",
    pages = "128--136",
    year = "1999"
}
@article{HERA-B:2006bhy,
    author = "Abt, I. and others",
    collaboration = "HERA-B",
    title = "{A Measurement of the $\psi^\prime$ to $J/\psi$ production ratio in 920-GeV proton-nucleus interactions}",
    eprint = "hep-ex/0607046",
    archivePrefix = "arXiv",
    number = "DESY-06-117",
    doi = "10.1140/epjc/s10052-006-0139-9",
    journal = "Eur. Phys. J. C",
    volume = "49",
    pages = "545--558",
    year = "2007"
}
@article{NA50:2006yzz,
    author = "Alessandro, B. and others",
    collaboration = "NA50",
    title = "{psi-prime production in Pb-Pb collisions at 158-GeV/nucleon}",
    eprint = "nucl-ex/0612013",
    archivePrefix = "arXiv",
    number = "CERN-PH-EP-2006-019",
    doi = "10.1140/epjc/s10052-006-0153-y",
    journal = "Eur. Phys. J. C",
    volume = "49",
    pages = "559--567",
    year = "2007"
}
@article{PhysRevLett.77.3736,
  title = {Percolation Approach to Quark-Gluon Plasma and $\mathit{J}/\ensuremath{\psi}$ Suppression},
  author = {Armesto, N. and Braun, M. A. and Ferreiro, E. G. and Pajares, C.},
  journal = {Phys. Rev. Lett.},
  volume = {77},
  issue = {18},
  pages = {3736--3738},
  numpages = {0},
  year = {1996},
  month = {Oct},
  publisher = {American Physical Society},
  doi = {10.1103/PhysRevLett.77.3736},
  url = {https://link.aps.org/doi/10.1103/PhysRevLett.77.3736}
}
@article{FERREIRO201598,
  title = {Excited charmonium suppression in proton–nucleus collisions as a consequence of comovers},
  journal = {Physics Letters B},
  volume = {749},
  pages = {98-103},
  year = {2015},
  issn = {0370-2693},
  doi = {https://doi.org/10.1016/j.physletb.2015.07.066},
  url = {https://www.sciencedirect.com/science/article/pii/S0370269315005766},
  author = {E.G. Ferreiro}
}
@article{Eskola_2009,
	doi = {10.1088/1126-6708/2009/04/065},
	url = {https://doi.org/10.1088/1126-6708/2009/04/065},
	year = 2009,
	month = {apr},
	publisher = {Springer Science and Business Media {LLC}},
	volume = {2009},
	number = {04},
	pages = {065--065},
	author = {K.J Eskola and H Paukkunen and C.A Salgado},
	title = {{EPS}09 {\textemdash} A new generation of {NLO} and {LO} nuclear parton distribution functions},
	journal = {Journal of High Energy Physics}
}
@article{Koba:1972ng,
    author = "Koba, Z. and Nielsen, Holger Bech and Olesen, P.",
    title = "{Scaling of multiplicity distributions in high-energy hadron collisions}",
    doi = "10.1016/0550-3213(72)90551-2",
    journal = "Nucl. Phys. B",
    volume = "40",
    pages = "317--334",
    year = "1972"
}
@misc{Trackweb,
  title = "Tracking correction table",
  howpublished= "\href{https://twiki.cern.ch/twiki/bin/view/LHCb/LHCbTrackingEfficiencies}{https://
	               twiki.cern.ch/twiki/bin/view/LHCb/LHCbTrackingEfficiencies}"
}
@article{MATSUI1986416,
title = {J/$\psi$ suppression by quark-gluon plasma formation},
journal = {Phys. Lett. },
volume = {B178},
number = {4},
pages = {416-422},
year = {1986},
issn = {0370-2693},
doi = {https://doi.org/10.1016/0370-2693(86)91404-8},
url = {https://www.sciencedirect.com/science/article/pii/0370269386914048},
author = {T. Matsui and H. Satz},
}

@inproceedings{Tork:2022bef,
    author = "Tork, Theraa",
    collaboration = "ALICE",
    title = "{Charmonium production as a function of charged-particle multiplicity in pp and p--Pb collisions with ALICE at the LHC}",
    booktitle = "{29th International Workshop on Deep-Inelastic Scattering and Related Subjects}",
    eprint = "2207.13399",
    archivePrefix = "arXiv",
    primaryClass = "nucl-ex",
    month = "7",
    year = "2022"
}

@article{LHCb:2022syj,
    collaboration = "LHCb",
    title = "{Evidence for modification of $b$ quark hadronization in high-multiplicity $pp$ collisions at $\sqrt{s} = 13$ TeV}",
    eprint = "2204.13042",
    archivePrefix = "arXiv",
    primaryClass = "hep-ex",
    number = "LHCb-PAPER-2022-001, CERN-EP-2022-062",
    month = "4",
    year = "2022"
}

@article{Satz_2011,
	doi = {10.1016/j.nuclphysa.2011.05.014},
	url = {https://doi.org/10.1016\%2Fj.nuclphysa.2011.05.014},
	year = 2011,
	month = {jul}, 
	publisher = {Elsevier {BV}},
	volume = {862-863},
	pages = {4--12},
	author = {Helmut Satz},
	title = {The Quark-Gluon Plasma {\textendash} A Short Introduction},
	journal = {Nuclear Physics A}
}
